% Encoding: UTF-8

@InProceedings{Winery,
  author    = {Edmund Burke Huey},
  title     = {The psychology and pedagogy of reading},
  year      = {1908},
  
}
@INPROCEEDINGS{4274377,
	author={T. Yagi and Y. Kuno and K. Koga and T. Mukai},
	booktitle={2006 IEEE International Conference on Systems, Man and Cybernetics},
	title={Drifting and Blinking Compensation in Electro-oculography (EOG) Eye-gaze Interface},
	year={2006},
	volume={4},
	pages={3222-3226},
	keywords={electro-oculography;graphical user interfaces;handicapped aids;blinking problem;calibration method;electro-oculorgram;eye-gaze interface;feedback control;graphical user interface;mobility handicap;Biology computing;Calibration;Chemical technology;Computer interfaces;Cybernetics;Electrooculography;Feedback control;Graphical user interfaces;Humans;Yagi-Uda antennas},
	doi={10.1109/ICSMC.2006.384613},
	ISSN={1062-922X},
	month={Oct},}
@Comment{jabref-meta: databaseType:bibtex;}
